<record><leader>03280cam a2200469 i 4500</leader><controlfield tag="001">6799092</controlfield><controlfield tag="003">OCoLC</controlfield><controlfield tag="005">20150122154600.0</controlfield><controlfield tag="008">140425t20152015paua     b    001 0 eng  </controlfield><datafield ind1=" " ind2=" " tag="010"><subfield code="a">  2014016625</subfield></datafield><datafield ind1=" " ind2=" " tag="015"><subfield code="a">GBB465588</subfield><subfield code="2">bnb</subfield></datafield><datafield ind1="7" ind2=" " tag="016"><subfield code="a">101631303</subfield><subfield code="2">DNLM</subfield></datafield><datafield ind1=" " ind2=" " tag="020"><subfield code="a">9781451183900 (alk. paper)</subfield></datafield><datafield ind1=" " ind2=" " tag="020"><subfield code="a">1451183909 (alk. paper)</subfield></datafield><datafield ind1=" " ind2=" " tag="035"><subfield code="a">ocn878915189</subfield></datafield><datafield ind1=" " ind2=" " tag="040"><subfield code="a">DNLM/DLC</subfield><subfield code="b">eng</subfield><subfield code="e">rda</subfield><subfield code="c">DLC</subfield><subfield code="d">YDX</subfield><subfield code="d">NLM</subfield><subfield code="d">YDXCP</subfield><subfield code="d">OCLCO</subfield><subfield code="d">AU@</subfield><subfield code="d">SMV</subfield><subfield code="d">BTCTA</subfield><subfield code="d">VAM</subfield><subfield code="d">OCLCF</subfield><subfield code="d">UAB</subfield><subfield code="d">AEU</subfield></datafield><datafield ind1=" " ind2=" " tag="042"><subfield code="a">pcc</subfield></datafield><datafield ind1="0" ind2="4" tag="050"><subfield code="a">RB111</subfield><subfield code="b">.E856 2015</subfield></datafield><datafield ind1="1" ind2="0" tag="060"><subfield code="a">QZ 4</subfield><subfield code="b">R896 2015</subfield></datafield><datafield ind1="0" ind2="0" tag="082"><subfield code="a">616.07</subfield><subfield code="2">23</subfield></datafield><datafield ind1=" " ind2=" " tag="090"><subfield code="a">RB 25 E77 2015</subfield><subfield code="b">AEU</subfield></datafield><datafield ind1="0" ind2="0" tag="245"><subfield code="a">Rubin's pathology :</subfield><subfield code="b">clinicopathologic foundations of medicine /</subfield><subfield code="c">editor, David S. Strayer, MD, PhD (Professor of Pathology, Department of Pathology and Cell Biology, Jefferson Medical College of Thomas Jefferson University, Philadelphia, Pennsylvania) ; founder and contributing editor, Emanuel Rubin, MD (Gonzalo Aponte Distinguished Professor of Pathology, Chairman Emeritus of the Department of Pathology and Cell Biology, Jefferson Medical College of Thomas Jefferson University, Philadelphia, Pennsylvania) ; associate editors, Jeffrey E. Saffitz, MD, PhD (Mallinckrodt Professor of Medicine, Harvard Medical School, Chairman, Department of Pathology, Beth Israel Deaconess Medical Center, Boston, Massachusetts), Alan L. Schiller, MD (Professor and Chairman, Department of Pathology, John A. Burns School of Medicine, University of Hawaii, Honolulu, Hawaii).</subfield></datafield><datafield ind1="1" ind2="0" tag="246"><subfield code="a">Pathology</subfield></datafield><datafield ind1=" " ind2=" " tag="250"><subfield code="a">Seventh edition.</subfield></datafield><datafield ind1=" " ind2="1" tag="264"><subfield code="a">Philadelphia :</subfield><subfield code="b">Wolters Kluwer,</subfield><subfield code="c">[2015]</subfield></datafield><datafield ind1=" " ind2="4" tag="264"><subfield code="c">&#169;2015</subfield></datafield><datafield ind1=" " ind2=" " tag="300"><subfield code="a">xiii, 1602 pages :</subfield><subfield code="b">illustrations (chiefly color) ;</subfield><subfield code="c">29 cm</subfield></datafield><datafield ind1=" " ind2=" " tag="336"><subfield code="a">text</subfield><subfield code="2">rdacontent</subfield></datafield><datafield ind1=" " ind2=" " tag="336"><subfield code="a">still image</subfield><subfield code="2">rdacontent</subfield></datafield><datafield ind1=" " ind2=" " tag="337"><subfield code="a">unmediated</subfield><subfield code="2">rdamedia</subfield></datafield><datafield ind1=" " ind2=" " tag="338"><subfield code="a">volume</subfield><subfield code="2">rdacarrier</subfield></datafield><datafield ind1=" " ind2=" " tag="504"><subfield code="a">Includes bibliographical references and index.</subfield></datafield><datafield ind1="0" ind2=" " tag="505"><subfield code="a">Cell adaptation, injury and death -- Inflammation -- Repair, regeneration and fibrosis -- Immunopathology -- Neoplasia -- Developmental and genetic diseases -- Hemodynamic disorders -- Environmental and nutritional pathology -- Infectious and parasitic diseases -- Aging -- Systemic autoimmune diseases -- Sepsis -- Obesity and diabetes mellitus -- The pathology of pregnancy -- The amyloidoses -- Blood vessels -- The heart -- The respiratory system -- The gastroinestinal tract -- The liver and biliary system -- The pancreas -- The kidney -- The lower urinary tract and male reproductive system -- The female reproductive system and peritoneum -- The breast -- Hematopathology -- The endocrine system -- The skin -- The head and neck -- Bones, joints and soft tissue -- Skeletal muscle and peripheral nervous system -- The central nervous system -- The eye -- Forensic pathology.</subfield></datafield><datafield ind1=" " ind2=" " tag="596"><subfield code="a">42</subfield></datafield><datafield ind1=" " ind2="0" tag="650"><subfield code="a">Pathology.</subfield></datafield><datafield ind1="1" ind2="2" tag="650"><subfield code="a">Pathologic Processes.</subfield></datafield><datafield ind1="1" ind2=" " tag="700"><subfield code="a">Strayer, David S.</subfield><subfield code="q">(David Sheldon),</subfield><subfield code="d">1949-</subfield><subfield code="e">editor.</subfield></datafield><datafield ind1="1" ind2=" " tag="700"><subfield code="a">Rubin, Emanuel,</subfield><subfield code="d">1928-</subfield><subfield code="e">editor.</subfield></datafield><datafield ind1="1" ind2=" " tag="700"><subfield code="a">Saffitz, Jeffrey E.,</subfield><subfield code="e">editor.</subfield></datafield><datafield ind1="1" ind2=" " tag="700"><subfield code="a">Schiller, Alan L.,</subfield><subfield code="e">editor.</subfield></datafield><datafield ind1=" " ind2=" " tag="949"><subfield code="a">RB 25 E77 2015</subfield><subfield code="c">1</subfield><subfield code="h">UAHL-B</subfield><subfield code="i">0162035229499</subfield></datafield><datafield ind1=" " ind2=" " tag="926"><subfield code="a">RB 25 E77 2015</subfield><subfield code="w">LC</subfield><subfield code="c">1</subfield><subfield code="i">0162035229499</subfield><subfield code="d">4/3/2017</subfield><subfield code="e">3/20/2017</subfield><subfield code="l">ON_SHELF</subfield><subfield code="m">UAHLTHSC</subfield><subfield code="n">12</subfield><subfield code="p">$150.00</subfield><subfield code="r">Y</subfield><subfield code="s">Y</subfield><subfield code="t">BOOK</subfield><subfield code="u">2/4/2015</subfield></datafield></record>